@BOOK (gallager,
TITLE = "Information Theory and Reliable Communication",
AUTHOR = "R.~G.~Gallager",
ADDRESS = "New York",
PUBLISHER = "John Wiley \& Sons",
YEAR = "1968"
)

@BOOK (lamport,
TITLE = "LaTeX : A Document Preparation System",
AUTHOR = "L.~Lamport",
ADDRESS = "New York",
PUBLISHER = "Addison Wesley",
YEAR = "1994"
)