@article{air_pollution_gen,
journal = {Epigenetics : official journal of the DNA Methylation Society},
title = {{Air pollution and gene-specific methylation in the Normative Aging Study: Association, effect modification, and mediation analysis.}},
volume = {9},
year = {2014}
}
@article{air_microRNA,
author = {Fossati, Serena and Baccarelli, Andrea and Zanobetti, Antonella and Hoxha, Mirjam and Vokonas, Pantel S and Wright, Robert O and Schwartz, Joel},
journal = {Epidemiology (Cambridge, Mass.)},
title = {{Ambient particulate air pollution and microRNAs in elderly men.}},
year = {2014}
}
